@inproceedings {dissent,
author = {David Isaac Wolinsky and Henry Corrigan-Gibbs and Bryan Ford and Aaron Johnson},
title = {Dissent in Numbers: Making Strong Anonymity Scale},
booktitle = {Presented as part of the 10th USENIX Symposium on Operating Systems Design and Implementation (OSDI 12)},
year = {2012},
isbn = {978-1-931971-96-6},
address = {Hollywood, CA},
pages = {179--182},
url = {https://www.usenix.org/conference/osdi12/technical-sessions/presentation/wolinsky},
publisher = {USENIX},
}

@inproceedings {verdict,
	author = {Henry Corrigan-Gibbs and David Isaac Wolinsky and Bryan Ford},
	title = {Proactively Accountable Anonymous Messaging in Verdict},
	booktitle = {Presented as part of the 22nd USENIX Security Symposium (USENIX Security 13)},
	year = {2013},
	isbn = {978-1-931971-03-4},
	address = {Washington, D.C.},
	pages = {147--162},
	url = {https://www.usenix.org/conference/usenixsecurity13/technical-sessions/presentation/corrigan-gibbs},
	publisher = {USENIX},
}

@article{chaum-mix,
	title = {Untraceable electronic mail, return addresses, and digital pseudonyms}, 
	author = {David Chaum}, 
	journal = {Communications of the ACM}, 
	volume = {24}, 
	number = {2}, 
	year = {1981}, 
	month = {February}, 
	www_important = {1}, 
	www_tags = {selected}, 
	www_html_url = {http://world.std.com/~franl/crypto/chaum-acm-1981.html}, 
	www_pdf_url = {http://www.ovmj.org/GNUnet/papers/p84-chaum.pdf}, 
	www_txt_url = {http://www.eskimo.com/~weidai/mix-net.txt}, 
	www_section = {Anonymous communication}, 
}

@article{chaum-dc,
	title = {The Dining Cryptographers Problem: Unconditional Sender and Recipient
	Untraceability}, 
	author = {David Chaum}, 
	journal = {Journal of Cryptology}, 
	volume = {1}, 
	year = {1988}, 
	pages = {65--75}, 
	www_tags = {selected}, 
	www_section = {Anonymous communication}, 
	www_pdf_url = {http://www.cs.ucsb.edu/~ravenben/classes/595n-s07/papers/dcnet-jcrypt88.pdf},
}

@techreport{herbivore:tr,
	title = {{Herbivore: A Scalable and Efficient Protocol for Anonymous Communication}}, 
	author = {Sharad Goel and Mark Robson and Milo Polte and Emin Gun Sirer}, 
	institution = {Cornell University}, 
	number = {2003-1890}, 
	year = {2003}, 
	month = {February}, 
	address = {Ithaca, NY}, 
	www_tags = {selected}, 
	www_section = {Anonymous communication}, 
	www_pdf_url = {http://www.cs.cornell.edu/People/egs/papers/herbivore-tr.pdf}, 
}